% Encoding: UTF-8

@Book{GarSpr2018a,
  author     = {Matthew Gardner and Sara Springfeld},
  title      = {Musikwissenschaftliches Arbeiten. Eine Ein\-füh\-rung},
  address    = {Kassel},
  year       = {2018},
  shorttitle = {Musikwissenschaftliches Arbeiten, 2018},
  edition    = {2.},
  publisher  = {Bärenreiter-Verlag},
  isbn       = {978-3-7618-2249-4},
  series     = {Bärenreiter Studien\-bücher Musik},
  annote     = {Die aktuellste Einführung in die Musikwissenschaft},
  language   = {german},
  note       = {Print},
}

@Book{Kraemer2009a,
  author     = {Thomas Krämer},
  title      = {Harmonielehre im Selbststudium},
  year       = {2009},
  shorttitle = {Harmonielehre, 2009},
  edition    = {5},
  publisher  = {Breitkopf \& Härtel},
  isbn       = {978-3-7651-0261-5},
  language   = {german},
  note       = {Print},
  address    = {Wiesbaden, Leipzip u. Paris},
  annote     = {Das 'Übungsbuch' zum neueren 'Lehrbuch der harmonischen Analyse' - sozusagen.},
  owner      = {reincke},
  timestamp  = {2018.12.07},
}

@Book{Mantel2005a,
  author     = {Gerhard Mantel},
  title      = {Intonation},
  year       = {2005},
  shorttitle = {Intonation, 2005},
  titleaddon = {Spielräume für Streicher},
  publisher  = {Schott},
  isbn       = {3-7957-8729-7},
  language   = {german},
  series     = {Studienbuch Musik},
  note       = {Print},
  address    = {Mainz, London, [... u.a.O]},
  annote     = {Ein Buch, das die Grenzen der systematischen Tonalität anhand der Intonation bei Streichinstrumenten verdeutlicht: um sauber zu spielen, muss man an der richtigen Stellen auf die richtige Weise falsch spielen.},
  owner      = {reincke},
  timestamp  = {2018.12.07},
}

@Book{Michels1980,
  author     = {Ulrich Michels},
  title      = {dtv-Atlas zur Musik. Tafeln und Texte},
  year       = {1980},
  shorttitle = {dtv-Atlas zur Musik, 1980},
  titleaddon = {Systematischer Teil [u.] Historischer Teil: Von den Anfängen bis zur Renaissance},
  edition    = {5},
  publisher  = {DTV \& Bärenreiter Verlag},
  isbn       = {3-423-03022-4},
  language   = {german},
  note       = {Print},
  address    = {München, Kassel [... u.a.O.]},
  annote     = {Auch ein Standardwerk für alles, was zur systematischen Musiktheorie gehört.},
  owner      = {reincke},
  timestamp  = {2018.12.07},
}

@Book{Kraemer2012a,
  author     = {Thomas Krämer},
  title      = {Lehrbuch der harmonischen Analyse.},
  year       = {2012},
  shorttitle = {Lehrbuch der harmonischen Analyse, 2012},
  titleaddon = {2., verbesserte Aufl.},
  publisher  = {Breitkopf \& Härtel},
  isbn       = {978-3-7651-0305-6},
  language   = {german},
  note       = {Print},
  address    = {Wiesbaden, Leipzip u. Paris},
  annote     = {Ein neueres Lehrbuch, das die Zusammenhänge der Tonalität zugänglich macht.},
  owner      = {reincke},
  timestamp  = {2018.12.07},
}

@Book{Grabner1974a,
  author     = {Hermann Grabner},
  title      = {Allgemeine Musiklehre},
  year       = {1974},
  shorttitle = {Allgemeine Musiklehre, 1974},
  titleaddon = {mit einem Nachtrag v. Diether de la Motte},
  edition    = {11},
  publisher  = {Bärenreiter Verlag},
  isbn       = {3-7618-0061-4},
  language   = {german},
  note       = {Print},
  address    = {Kassel, Basel [... u.a.O.]},
  annote     = {Das Standardwerk der Musikanalyse, das nicht erst heute mit hoher Auflagennummer erscheint, sondern auch schon vor 50 Jahren so erschienen ist - also im wahrsten Sinne des Wortes: ein Jahrhundertwerk.},
  owner      = {reincke},
  timestamp  = {2018.12.07},
}

@Book{Delamotte2011a,
  author     = {Diether de la Motte},
  title      = {Harmonielehre},
  year       = {2011},
  shorttitle = {Harmonielehre, 2011},
  edition    = {16},
  publisher  = {Bärenreiter Verlag \& DTV},
  isbn       = {978-3-7618-2115-2},
  language   = {german},
  note       = {Print},
  address    = {München, Kassel [... u.a.O.]},
  annote     = {Nach Grabner das nächste, kommende Jahrhundertwerk zur Harmonieanalyse, das mit seiner Verlagerung des Schwerpunktes in die Funktionstheorie einen wesentlichen Fortschritt gegenüber älteren Lehrwerken bedeutete.},
  owner      = {reincke},
  timestamp  = {2018.12.07},
}

@Book{Voss2018a,
  author     = {Herbert Voß},
  title      = {Die wissenschaftliche Arbeit mit \LaTeX},
  address    = {Berlin},
  year       = {2018},
  shorttitle = {Einführung in \LaTeX},
  titleaddon = {unter Verwendung von Lua\TeX, KOMA-Script und Biber/Bib\LaTeX},
  publisher  = {Lehmanns Media},
  isbn       = {978-3-86541-946-0},
  series     = {dante},
  annote     = {Eine sehr praktische Einführung in \LaTeX, die sich auf die Erstellung wissenschaftlicher Texte konzentriert. Einziger kleiner Wermutstropfen ist die eher mathematisch orientiert Vorgabe, wie wissenschaftliche Texte auszusehen hätten. Die Geisteswissenschaft ist -- wie so oft -- irgendwie nur 'mitgemeint'.},
  language   = {german},
  note       = {Print},
}
@Book{Schlosser2016a,
  author     = {Joachim Schlosser},
  title      = {Wissenschaftliche Arbeiten schreiben mit \LaTeX. Leitfaden für Einsteiger.},
  address    = {Frechen},
  year       = {2016},
  shorttitle = {Wissenschaftliche Arbeiten schreiben mit \LaTeX},
  titleaddon = {6., überarb. Aufl.},
  publisher  = {mitp Verlag},
  isbn       = {978-3-95845-289-3},
  annote     = {Eine sehr praxisnahe Einführung in die Nutzung von {\LaTeX}\ als Werkzeug zum Schreiben (wissenschaftlicher) Texte. Die durchaus spannende Frage, wie und warum das Wissenschaftliche das Schreiben wissenschaftlicher Texte prägt, bleibt ungestellt.},
  language   = {german},
  note       = {Print},
}

@Misc{wpStufentheorie2019a,
  author   = {anonymous},
  title    = {Stufentheorie (Harmonik)},
  year     = {n.Y (2019)},
  note     = {FreeWeb / HTML},
  annote   = {This article -- written in German -- describes the harmonical scale-step-theory and contains simple and complex examples for the shape of harmonical scale step analysis symbols.},
  language = {german},
  owner    = {karsten},
  url      = {https://de.wikipedia.org/wiki/Stufentheorie_(Harmonik)},
  urldate  = {2019-11-14},
}

@Misc{wpMusiklehre2019a,
  author   = {anonymous},
  title    = {Musiklehre: Stufen- und Funktionstheorie},
  year     = {n.Y (2019)},
  note     = {FreeWeb / HTML},
  annote   = {This article -- written in German -- explains some basic concepts of the harmonical analysis.},
  language = {german},
  owner    = {karsten},
  url      = {https://de.wikibooks.org/wiki/Musiklehre:_Stufen-_und_Funktionstheorie},
  urldate  = {2019-11-14},
}

@Misc{wpFunktionstheorie2019a,
  author   = {anonymous},
  title    = {Funktionstheorie [in der Musikwissenschaft]},
  year     = {n.Y (2019)},
  note     = {FreeWeb / HTML},
  annote   = {This article -- written in German -- describes the harmonical function theory and also contains simple and complex examples for the shape of functional harmonical analysis symbols.},
  language = {german},
  owner    = {karsten},
  url      = {https://de.wikipedia.org/wiki/Funktionstheorie},
  urldate  = {2019-11-14},
}

@Misc{wpScaleDegree2019a,
  author   = {anonymous},
  title    = {Degree (music)},
  year     = {n.Y (2019)},
  note     = {FreeWeb / HTML},
  annote   = {This article -- written in English -- describes some basic concepts of the scale degree theory,},
  language = {english},
  owner    = {karsten},
  url      = {https://de.wikipedia.org/wiki/Stufentheorie_(Harmonik)},
  urldate  = {2019-11-14},
}

@Misc{wpFunctionTheory2019a,
  author   = {anonymous},
  title    = {Function (music)},
  year     = {n.Y (2019)},
  note     = {FreeWeb / HTML},
  annote   = {This article -- written in German -- describes the harmonical function theory and also contains simple and complex examples for the shape of functional harmonical analysis symbols.},
  language = {german},
  owner    = {karsten},
  url      = {https://en.wikipedia.org/wiki/Function_(music)},
  urldate  = {2019-11-14},
}

@Comment{jabref-meta: databaseType:bibtex;}
